<?xml version="1.0" encoding="UTF-8"?>
<collection xmlns="http://www.loc.gov/MARC21/slim" xmlns:xsi="http://www.w3.org/2001/XMLSchema-instance" xmlns:marc="http://www.loc.gov/MARC21/slim" xsi:schemaLocation="http://www.loc.gov/MARC21/slim http://www.loc.gov/standards/marcxml/schema/MARC21slim.xsd">
   <record>
      <marc:leader>02971cas a2200589 a 4500</marc:leader>
      <marc:controlfield tag="001">4809270</marc:controlfield>
      <marc:controlfield tag="005">20160128154805.0</marc:controlfield>
      <marc:controlfield tag="008">010906d19171921sz fr p       0    0fre d</marc:controlfield>
      <marc:datafield tag="035" ind1=" " ind2=" ">
         <marc:subfield code="a">(OCoLC)2251056</marc:subfield>
      </marc:datafield>
      <marc:datafield tag="035" ind1=" " ind2=" ">
         <marc:subfield code="a">(CStRLIN)NYPG01-S350</marc:subfield>
      </marc:datafield>
      <marc:datafield tag="040" ind1=" " ind2=" ">
         <marc:subfield code="a">PSt</marc:subfield>
         <marc:subfield code="c">PSt</marc:subfield>
         <marc:subfield code="d">IaU</marc:subfield>
         <marc:subfield code="d">NN</marc:subfield>
         <marc:subfield code="d">NjP</marc:subfield>
      </marc:datafield>
      <marc:datafield tag="041" ind1="0" ind2=" ">
         <marc:subfield code="a">fre</marc:subfield>
         <marc:subfield code="a">ita</marc:subfield>
         <marc:subfield code="a">ger</marc:subfield>
      </marc:datafield>
      <marc:datafield tag="043" ind1=" " ind2=" ">
         <marc:subfield code="a">e-sz---</marc:subfield>
      </marc:datafield>
      <marc:datafield tag="130" ind1="0" ind2=" ">
         <marc:subfield code="a">Dada (Zurich, Switzerland)</marc:subfield>
      </marc:datafield>
      <marc:datafield tag="245" ind1="1" ind2="0">
         <marc:subfield code="a">Dada.</marc:subfield>
      </marc:datafield>
      <marc:datafield tag="246" ind1="1" ind2="2">
         <marc:subfield code="a">Anthologie Dada</marc:subfield>
         <marc:subfield code="f">4/5</marc:subfield>
      </marc:datafield>
      <marc:datafield tag="246" ind1="1" ind2="2">
         <marc:subfield code="a">Bulletin Dada</marc:subfield>
         <marc:subfield code="f">no. 6</marc:subfield>
      </marc:datafield>
      <marc:datafield tag="246" ind1="1" ind2="2">
         <marc:subfield code="a">Dada phone</marc:subfield>
         <marc:subfield code="f">no. 7</marc:subfield>
      </marc:datafield>
      <marc:datafield tag="246" ind1="1" ind2="2">
         <marc:subfield code="a">Dada au grand air</marc:subfield>
         <marc:subfield code="f">8</marc:subfield>
      </marc:datafield>
      <marc:datafield tag="246" ind1="1" ind2="2">
         <marc:subfield code="a">Sängerkrieg in Tirol</marc:subfield>
         <marc:subfield code="f">8</marc:subfield>
      </marc:datafield>
      <marc:datafield tag="260" ind1=" " ind2=" ">
         <marc:subfield code="a">[Zurich :</marc:subfield>
         <marc:subfield code="b">Mouvement Dada],</marc:subfield>
         <marc:subfield code="c">1917-1921.</marc:subfield>
      </marc:datafield>
      <marc:datafield tag="300" ind1=" " ind2=" ">
         <marc:subfield code="a">8 v. :</marc:subfield>
         <marc:subfield code="b">ill. ;</marc:subfield>
         <marc:subfield code="c">24-34 cm.</marc:subfield>
      </marc:datafield>
      <marc:datafield tag="362" ind1="0" ind2=" ">
         <marc:subfield code="a">1 (juil. 1917)-8 (sept. 1921).</marc:subfield>
      </marc:datafield>
      <marc:datafield tag="510" ind1="4" ind2=" ">
         <marc:subfield code="a">Bolliger, H.  Dada in Zürich,</marc:subfield>
         <marc:subfield code="c">87-90</marc:subfield>
      </marc:datafield>
      <marc:datafield tag="510" ind1="4" ind2=" ">
         <marc:subfield code="a">Meyer, R.  Dada global,</marc:subfield>
         <marc:subfield code="c">173-174, 252</marc:subfield>
      </marc:datafield>
      <marc:datafield tag="510" ind1="4" ind2=" ">
         <marc:subfield code="a">Ades, D.  Dada and surrealism reviewed,</marc:subfield>
         <marc:subfield code="c">3.40; p. 64-65</marc:subfield>
      </marc:datafield>
      <marc:datafield tag="510" ind1="4" ind2=" ">
         <marc:subfield code="a">Raabe, P.  Zeitschriften des literarischen Expressionismus,</marc:subfield>
         <marc:subfield code="c">34</marc:subfield>
      </marc:datafield>
      <marc:datafield tag="510" ind1="4" ind2=" ">
         <marc:subfield code="a">Arntz, W.F.  Hans (Jean) Arp. (Arntz-Bulletin, 1. Bd., T. 3-10),</marc:subfield>
         <marc:subfield code="c">11-12, 15, 28b, 30-37, 40-48</marc:subfield>
      </marc:datafield>
      <marc:datafield tag="500" ind1=" " ind2=" ">
         <marc:subfield code="a">Title from cover.</marc:subfield>
      </marc:datafield>
      <marc:datafield tag="500" ind1=" " ind2=" ">
         <marc:subfield code="a">"Recueil littéraire et artistique"--No. 1-2.</marc:subfield>
      </marc:datafield>
      <marc:datafield tag="500" ind1=" " ind2=" ">
         <marc:subfield code="a">Editor: Tristan Tzara.</marc:subfield>
      </marc:datafield>
      <marc:datafield tag="500" ind1=" " ind2=" ">
         <marc:subfield code="a">Several issues also published in a limited edition, numbered and signed, with additional ill., including prints by Arp (Arntz no. 15, 37, 48).</marc:subfield>
      </marc:datafield>
      <marc:datafield tag="515" ind1=" " ind2=" ">
         <marc:subfield code="a">Issue for May 1919 numbered 4/5.</marc:subfield>
      </marc:datafield>
      <marc:datafield tag="546" ind1=" " ind2=" ">
         <marc:subfield code="a">Texts in French and Italian (nos. 1-2); French (nos. 6-7); French, Italian and German (nos. 3-4/5, 8). Issues 3 and 4/5 also issued in variant editions for distribution in France, in which the German texts are replaced by French texts and some ill. differ; French ed. has 3 prints by Arp (Arntz no. 45-47) not present in the German ed.</marc:subfield>
      </marc:datafield>
      <marc:datafield tag="500" ind1=" " ind2=" ">
         <marc:subfield code="a">Place of publication varies. No. 6-7: Paris; no. 8: Tarrenz b. Imst., Tirol ; Paris.</marc:subfield>
      </marc:datafield>
      <marc:datafield tag="500" ind1=" " ind2=" ">
         <marc:subfield code="a">Nos. 1-4/5 printed by Jul. Heuberger, Zurich.</marc:subfield>
      </marc:datafield>
      <marc:datafield tag="500" ind1=" " ind2=" ">
         <marc:subfield code="a">The ill. in nos. 1-4/5 include 36 original woodcuts, by Jean Arp (15), Marcel Janco (9), Enrico Prampolini (3), Hilla de Rebay (1), Hans Richter (4), Arthur Segal (2), Raoul Hausmann (2); and 2 original lithographs, by Viking Eggeling. Six additional woodcuts by Arp in variant issues.</marc:subfield>
      </marc:datafield>
      <marc:datafield tag="530" ind1=" " ind2=" ">
         <marc:subfield code="a">Also available in an electronic version.</marc:subfield>
      </marc:datafield>
      <datafield tag="599" ind1=" " ind2=" ">
         <subfield code="a">ark:/88435/cr56n365d</subfield>
         <subfield code="b">bmtnaae_1917-12_01</subfield>
         <subfield code="v">no.2 1917-12</subfield>
      </datafield>
      <marc:datafield tag="650" ind1=" " ind2="0">
         <marc:subfield code="a">Dadaism</marc:subfield>
         <marc:subfield code="z">Switzerland</marc:subfield>
         <marc:subfield code="v">Periodicals.</marc:subfield>
      </marc:datafield>
      <marc:datafield tag="650" ind1=" " ind2="0">
         <marc:subfield code="a">Arts, Modern</marc:subfield>
         <marc:subfield code="y">20th century</marc:subfield>
         <marc:subfield code="v">Periodicals.</marc:subfield>
      </marc:datafield>
      <marc:datafield tag="700" ind1="1" ind2=" ">
         <marc:subfield code="a">Tzara, Tristan,</marc:subfield>
         <marc:subfield code="d">1896-1963.</marc:subfield>
      </marc:datafield>
      <marc:datafield tag="700" ind1="1" ind2=" ">
         <marc:subfield code="a">Arp, Jean,</marc:subfield>
         <marc:subfield code="d">1887-1966.</marc:subfield>
      </marc:datafield>
      <marc:datafield tag="700" ind1="1" ind2=" ">
         <marc:subfield code="a">Janco, Marcel,</marc:subfield>
         <marc:subfield code="d">1895-1984.</marc:subfield>
      </marc:datafield>
      <marc:datafield tag="700" ind1="1" ind2=" ">
         <marc:subfield code="a">Prampolini, Enrico,</marc:subfield>
         <marc:subfield code="d">1894-1956.</marc:subfield>
      </marc:datafield>
      <marc:datafield tag="700" ind1="1" ind2=" ">
         <marc:subfield code="a">Rebay, Hilla,</marc:subfield>
         <marc:subfield code="d">1890-1967.</marc:subfield>
      </marc:datafield>
      <marc:datafield tag="700" ind1="1" ind2=" ">
         <marc:subfield code="a">Richter, Hans,</marc:subfield>
         <marc:subfield code="d">1888-1976.</marc:subfield>
      </marc:datafield>
      <marc:datafield tag="700" ind1="1" ind2=" ">
         <marc:subfield code="a">Segal, Arthur,</marc:subfield>
         <marc:subfield code="d">1875-1944.</marc:subfield>
      </marc:datafield>
      <marc:datafield tag="700" ind1="1" ind2=" ">
         <marc:subfield code="a">Hausmann, Raoul,</marc:subfield>
         <marc:subfield code="d">1886-1971.</marc:subfield>
      </marc:datafield>
      <marc:datafield tag="700" ind1="1" ind2=" ">
         <marc:subfield code="a">Eggeling, Viking,</marc:subfield>
         <marc:subfield code="d">1880-1925.</marc:subfield>
      </marc:datafield>
      <marc:datafield tag="856" ind1="4" ind2="1">
         <marc:subfield code="u">http://arks.princeton.edu/ark:/88435/w9505184n</marc:subfield>
         <marc:subfield code="z">Available online via the Blue Mountain Project</marc:subfield>
      </marc:datafield>
      <marc:datafield tag="904" ind1=" " ind2=" ">
         <marc:subfield code="a">slt</marc:subfield>
         <marc:subfield code="b">o</marc:subfield>
         <marc:subfield code="h">m</marc:subfield>
         <marc:subfield code="c">b</marc:subfield>
         <marc:subfield code="e">20060731</marc:subfield>
      </marc:datafield>
      <marc:datafield tag="902" ind1=" " ind2=" ">
         <marc:subfield code="a">pg</marc:subfield>
         <marc:subfield code="b">m</marc:subfield>
         <marc:subfield code="6">a</marc:subfield>
         <marc:subfield code="7">s</marc:subfield>
         <marc:subfield code="d">v</marc:subfield>
         <marc:subfield code="f">2</marc:subfield>
         <marc:subfield code="e">20060811</marc:subfield>
      </marc:datafield>
   </record>
</collection>
